<record xmlns="http://www.loc.gov/MARC21/slim">
   <leader>02211cam a2200325Ii 45 0</leader>
   <controlfield tag="001">6776116</controlfield>
   <controlfield tag="003">OCoLC</controlfield>
   <controlfield tag="005">20150114113931.0</controlfield>
   <controlfield tag="008">150109r20152014nyu           000 f eng d</controlfield>
   <datafield ind1=" " ind2=" " tag="020">
      <subfield code="a">9781250038012</subfield>
   </datafield>
   <datafield ind1=" " ind2=" " tag="020">
      <subfield code="a">1250038014</subfield>
   </datafield>
   <datafield ind1=" " ind2=" " tag="040">
      <subfield code="a">ZS3</subfield>
      <subfield code="b">eng</subfield>
      <subfield code="e">rda</subfield>
      <subfield code="c">ZS3</subfield>
      <subfield code="d">ARDC</subfield>
   </datafield>
   <datafield ind1="0" ind2="4" tag="082">
      <subfield code="a">813/.6</subfield>
      <subfield code="2">23</subfield>
   </datafield>
   <datafield ind1=" " ind2=" " tag="090">
      <subfield code="a">BRE</subfield>
      <subfield code="b">ARDC</subfield>
   </datafield>
   <datafield ind1="1" ind2=" " tag="100">
      <subfield code="a">Brennan, Allison.</subfield>
   </datafield>
   <datafield ind1="1" ind2="0" tag="245">
      <subfield code="a">Notorious /</subfield>
      <subfield code="c">Allison Brennan.</subfield>
   </datafield>
   <datafield ind1=" " ind2=" " tag="250">
      <subfield code="a">St. Martin's Paperbacks edition.</subfield>
   </datafield>
   <datafield ind1=" " ind2="1" tag="264">
      <subfield code="a">New York, NY :</subfield>
      <subfield code="b">St. Martin's Paperbacks,</subfield>
      <subfield code="c">2015.</subfield>
   </datafield>
   <datafield ind1=" " ind2="4" tag="264">
      <subfield code="c">©2014</subfield>
   </datafield>
   <datafield ind1=" " ind2=" " tag="300">
      <subfield code="a">viii, 422 pages ;</subfield>
      <subfield code="c">18 cm</subfield>
   </datafield>
   <datafield ind1=" " ind2=" " tag="336">
      <subfield code="a">text</subfield>
      <subfield code="2">rdacontent</subfield>
   </datafield>
   <datafield ind1=" " ind2=" " tag="337">
      <subfield code="a">unmediated</subfield>
      <subfield code="2">rdamedia</subfield>
   </datafield>
   <datafield ind1=" " ind2=" " tag="338">
      <subfield code="a">volume</subfield>
      <subfield code="2">rdacarrier</subfield>
   </datafield>
   <datafield ind1=" " ind2=" " tag="500">
      <subfield code="a">Includes an excerpt from the author's Compulsion.</subfield>
   </datafield>
   <datafield ind1=" " ind2=" " tag="520">
      <subfield code="a">"When Maxine Revere was a high school senior, her best friend was murdered and their mutual friend, Kevin O'Neal, was accused of the crime. Kevin's guilt wasn't proven, but Max and Kevin's friendship never recovered and Max moved across the country shortly afterward. She never looked back. Thirteen years later, Max, now a successful investigative reporter, returns home to attend Kevin's funeral. The police say it was suicide, but Kevin's little sister doesn't believe it. Nor does she believe that Kevin committed murder all those years ago, and she begs Max to help clear Kevin's name. For Max, digging into Kevin's life means facing demons from her own past, as well as crossing a stubborn detective who wants Max to stay the hell away from his case. Soon it becomes terrifyingly clear that someone will do whatever it takes to make sure the truth stays buried. Allison Brennan, author of the New York Times bestselling Lucy Kincaid series in mass market, debuts in hardcover with a dynamic new character in Max Revere and an absolutely riveting thriller"-- Provided by publisher.</subfield>
   </datafield>
   <datafield ind1=" " ind2="0" tag="650">
      <subfield code="a">Women journalists</subfield>
      <subfield code="v">Fiction.</subfield>
   </datafield>
   <datafield ind1=" " ind2="0" tag="650">
      <subfield code="a">Murder</subfield>
      <subfield code="x">Investigation</subfield>
      <subfield code="v">Fiction.</subfield>
   </datafield>
   <datafield ind1="0" ind2="8" tag="775">
      <subfield code="i">Reproduction of (manifestation):</subfield>
      <subfield code="a">Brennan, Allison.</subfield>
      <subfield code="t">Notorious</subfield>
      <subfield code="d">New York : Minotaur Books, 2014</subfield>
      <subfield code="h">viii, 326 pages ; 24 cm.</subfield>
      <subfield code="w">(DLC)  2013032878</subfield>
   </datafield>
   <datafield ind1=" " ind2=" " tag="596">
      <subfield code="a">35</subfield>
   </datafield>
   <datafield ind1=" " ind2=" " tag="926">
      <subfield code="a">BRE</subfield>
      <subfield code="w">LC</subfield>
      <subfield code="c">1</subfield>
      <subfield code="i">30125302523096</subfield>
      <subfield code="d">7/12/2016</subfield>
      <subfield code="e">6/22/2016</subfield>
      <subfield code="l">PAPERBACKS</subfield>
      <subfield code="m">RED_DEER_C</subfield>
      <subfield code="n">1</subfield>
      <subfield code="r">Y</subfield>
      <subfield code="s">Y</subfield>
      <subfield code="t">BOOK</subfield>
      <subfield code="u">1/14/2015</subfield>
   </datafield>
</record>
